@book{Bibliografia_2,
  title={A generalization of brauer graph algebra},
  author={E. Green y S. Schroll},
  year={2017},
  publisher={Bulletin des Sciencies Mathematiques}
}

@book{Bibliografia_1,
	title={Snake graphs arising from groves with an applications in coding theroy},
	author={A.M. Ca√±adas, R-J Serna, G.B Rios.},
	year={2022},
	publisher={Computation}
}

